@inproceedings{Rahimi:2009tm,
author = {Rahimi, Ali and Recht, Benjamin},
title = {{Weighted Sums of Random Kitchen Sinks: Replacing minimization with randomization in learning}},
booktitle = {Neural Information Processing Systems},
year = {2009},
pages = {1--8},
month = oct
}

@inproceedings{Rahimi:2007vq,
author = {Rahimi, Ali and Recht, Benjamin},
title = {{Random features for large-scale kernel machines}},
booktitle = {Neural Information Processing Systems},
year = {2007}
}

@inproceedings{le2013fast,
author = {Le, Quoc Viet and Sarlos, Tamas and Smola, Alexander Johannes},
title = {{Fastfood: Approximate Kernel Expansions in Loglinear Time}},
booktitle = {International Conference on Machine Learning},
year = {2013}
}

@article{nickel2015review,
journal={arXiv preprint arXiv:1503.00759v1},
author = {Nickel, Maximilian and Murphy, Kevin and Tresp, Volker and Gabrilovich, Evgeniy},
title = {{A Review of Relational Machine Learning for Knowledge Graphs From Multi-Relational Link Prediction to Automated Knowledge Graph Construction}},
year = {2015}
}
@article{orbanz2013bayesian,
author = {Orbanz, Peter and Roy, Daniel M.},
title = {{Bayesian Models of Graphs, Arrays and Other Exchangeable Random Structures}},
journal   = {{IEEE} Trans. Pattern Anal. Mach. Intell.},
volume    = {37},
number    = {2},
pages     = {437--461},
year      = {2015},
}
@article{dempster1972covariance,
  author={Arthur P. Dempster},
  title={Covariance selection},
  journal={Biometrika},
  volume={28},
  pages={157--175},
  year={1972},
}
@book{kolaczyk2009statistical,
   title = "Statistical analysis of network data : methods and models",
   author = "Kolaczyk, Eric D.",
   series = "Springer series in statistics",
   publisher = "Springer",
   url = "http://opac.inria.fr/record=b1130933",
   year = 2009
}

@article{airoldi2008mixed,
 author = {Airoldi, Edoardo M. and Blei, David M. and Fienberg, Stephen E. and Xing, Eric P.},
 title = {Mixed Membership Stochastic Blockmodels},
 journal = {Journal of Machine Learning Research (JMLR)},
 volume = {9},
 year = {2008},
 issn = {1532-4435},
 pages = {1981--2014},
}

@article{clauset2008hierarchical,
author = {Clauset, Aaron and Moore, Christopher and Newman, M},
journal = {Nature},
pages = {98--101},
title = {{Hierarchical Structure and the Prediction of Missing Links in Networks}},
volume = {453},
year = {2008}
}
@article{le2014fastfood,
author = {Le, Quoc Viet and Sarlos, Tamas and Smola, Alexander Johannes},
title = {{Fastfood: Approximate Kernel Expansions in Loglinear Time}},
journal = {arXiv.org},
year = {2014},
eprint = {1408.3060v1},
eprinttype = {arxiv},
eprintclass = {cs.LG},
month = aug
}

@inproceedings{tran2015variational,
  author = {Dustin Tran and David M. Blei and Edoardo M. Airoldi},
  title = {Variational inference with copula augmentation},
  booktitle = {Neural Information Processing Systems},
  year = {2015},
}

@article{robbins1951stochastic,
  title={A stochastic approximation method},
  author={Robbins, Herbert and Monro, Sutton},
  journal={The annals of mathematical statistics},
  pages={400--407},
  year={1951},
  publisher={JSTOR}
}

@article{Goldstein:1988ce,
author = {Goldstein, Larry},
title = {{Minimizing noisy functionals in hilbert space: An extension of the Kiefer-Wolfowitz procedure}},
journal = {Journal of Theoretical Probability},
year = {1988},
volume = {1},
number = {2},
pages = {189--204}
}

@article{Spall:1992wb,
author = {Spall, James C and Agarwal, Sameer},
title = {{Multivariate Stochastic Approximation Using Simultaneous Perturbation Gradient Approximation}},
journal = {IEEE Transactions on Automatic Control},
year = {1992},
volume = {37},
number = {3},
month = mar
}

@inproceedings{Wang:2012uu,
author = {Wang, Chong and Blei, David M},
title = {{Truncation-free Stochastic Variational Inference for Bayesian Nonparametric Models}},
booktitle = {Neural Information Processing Systems},
year = {2012}
}

@article{Blei:2006fo,
author = {Blei, David M and Jordan, Michael I},
title = {{Variational inference for Dirichlet process mixtures}},
journal = {Bayesian Analysis},
year = {2006},
volume = {1},
number = {1},
pages = {121--143},
month = mar
}

@article{green1995reversible,
    author = {Peter J. Green},
    title = {Reversible jump Markov chain Monte Carlo computation and Bayesian model determination},
    journal = {Biometrika},
    year = {1995},
    volume = {82},
    pages = {711--732}
}
@article{vandeMeent2015black,
author = {van de Meent, Jan Willem and Tolpin, David and Paige, Brooks and Wood, Frank},
title = {{Black-Box Policy Search with Probabilistic Programs}},
journal = {arXiv.org},
year = {2015},
eprint = {1507.04635v1},
eprinttype = {arxiv},
eprintclass = {stat.ML},
month = jul
}

@article{wingate2013automated,
author = {Wingate, David and Weber, Theophane},
title = {{Automated Variational Inference in Probabilistic Programming}},
journal = {arXiv.org},
year = {2013},
eprint = {1301.1299v1},
eprinttype = {arxiv},
eprintclass = {stat.ML},
month = jan
}

@article{venter1966,
author = "Venter, J. H.",
fjournal = "The Annals of Mathematical Statistics",
journal = "Ann. Math. Statist.",
month = "12",
number = "6",
pages = "1534--1544",
publisher = "The Institute of Mathematical Statistics",
title = "On Dvoretzky Stochastic Approximation Theorems",
volume = "37",
year = "1966"
}
@article{Kulkarni:2009ti,
author = {Kulkarni, Ankua A and Borkar, Vivek S},
title = {{Finite dimensional approximation and Newton-based algorithm for stochastic approximation in Hilbert space}},
journal = {Automatica},
year = {2009},
pages = {1--10},
month = sep
}

@article{Chen:2002wu,
author = {Chen, X and White, H},
title = {{Asymptotic properties of some projection-based Robbins-Monro procedures in a Hilbert space}},
journal = {Studies in Nonlinear Dynamics {\&} Econometrics},
year = {2002}
}

@article{Nixdorf1984invariance,
  author={R. Nixdorf},
  title={An invariance principle for a finite dimensional stochastic approximation
  method in a Hilbert space},
  journal={Journal of Multivariate Analysis},
  volume={15},
  pages={252--260},
  year={1984}
}
@article{Broderick:2014tt,
author = {Broderick, Tamara and Wilson, Ashia C and Jordan, Michael I},
title = {{Posteriors, conjugacy, and exponential families for completely random measures}},
journal = {arXiv.org},
year = {2014},
eprint = {1410.6843v1},
eprinttype = {arxiv},
eprintclass = {math.ST},
month = oct
}

@techreport{Gelman:2013wp,
author = {Gelman, Andrew},
title = {{Nonparametric models can be checked}},
institution = {Columbia University},
year = {2013},
month = feb
}

@inproceedings{ranganath2015deep,
author = {Ranganath, Rajesh and Tang, Linpeng and Charlin, Laurent and Blei, David M},
title = {{Deep Exponential Families}},
booktitle = {Artificial Intelligence and Statistics},
year = {2015}
}

@article{chung2015recurrent,
author = {Chung, Junyoung and Kastner, Kyle and Dinh, Laurent and Goel, Kratarth and Courville, Aaron and Bengio, Yoshua},
title = {{A Recurrent Latent Variable Model for Sequential Data}},
journal = {arXiv.org},
year = {2015},
eprint = {1506.02216v3},
eprinttype = {arxiv},
eprintclass = {cs.LG},
month = jun
}

@article{Caron:2014vk,
author = {Caron, Francois and Fox, Emily B},
title = {{Sparse graphs using exchangeable random measures}},
journal = {arXiv.org},
year = {2014},
eprint = {1401.1137v3},
eprinttype = {arxiv},
eprintclass = {stat.ME},
month = jan
}

@article{Tank,
author = {Tank, Alex and Foti, Nicholas and Fox, Emily},
title = {{Bayesian Structure Learning for Stationary Time Series}},
journal = {arXiv.org},
year = {2015},
eprint = {1505.03131v2},
eprinttype = {arxiv},
eprintclass = {stat.ME},
}
@incollection{jaakola1998improving,
author = {Jaakkola, Tommi S and Jordan, Michael I},
title = {{Improving the Mean Field Approximation Via the Use of Mixture Distributions}},
booktitle = {Learning in Graphical Models},
year = {1998},
pages = {163--173},
publisher = {Springer Netherlands},
address = {Dordrecht}
}

@article{donoho2013high,
author = {Donoho, David and Montanari, Andrea},
title = {{High Dimensional Robust M-Estimation: Asymptotic Variance via Approximate Message Passing}},
journal = {arXiv:1310.7320v3},
year = {2013},
}

@inproceedings{rezende2015variational,
author = {Rezende, Danilo Jimenez and Mohamed, Shakir},
title = {{Variational Inference with Normalizing Flows}},
booktitle = {International Conference on Machine Learning},
year = {2015},
}

@article{kucukelbir2015automatic,
author = {Kucukelbir, Alp and Ranganath, Rajesh and Gelman, Andrew and Blei, David M},
title = {{Automatic Variational Inference in Stan}},
journal = {arXiv preprint arXiv:1506.03431v2},
year = {2015},
pages = {1--22},
}
@article{lazaro2010sparse,
author = {L{\'a}zaro-gredilla, Miguel and Qui{\~n}onero-Candela, Joaquin and Rasmussen, Carl Edward and Figueiras-Vidal, Anibal R},
title = {{Sparse Spectrum Gaussian Process Regression}},
journal = {Journal of Machine Learning Research},
year = {2010},
pages = {1--17}
}

@article{quinonero2005unifying,
author = {Qui{\~n}onero-Candela, Joaquin and Rasmussen, Carl Edward},
title = {{A unifying view of sparse approximate Gaussian process regression}},
journal = {Journal of Machine Learning Research},
year = {2005},
volume = {6},
pages = {1939--1959}
}

@inproceedings{yang2015carte,
author = {Yang, Zichao and Smola, Alexander Johannes and Le Song and Wilson, Andrew Gordon},
title = {{A la Carte{\textemdash}Learning Fast Kernels}},
booktitle = {Artificial Intelligence and Statistics},
year = {2015}
}

@inproceedings{titsias2009variational,
author = {Titsias, Michalis},
title = {{Variational learning of inducing variables in sparse Gaussian processes}},
booktitle = {Artificial Intelligence and Statistics},
year = {2009}
}

@inproceedings{hensman2013gaussian,
author = {Hensman, James and Fusi, Nicolo and Lawrence, Neil D},
title = {{Gaussian Processes for Big Data}},
booktitle = {Uncertainty in Artificial Intelligence},
year = {2013}
}

@inproceedings{wilson2015kernel,
author = {Wilson, Andrew Gordon and Nickisch, Hannes},
title = {{Kernel Interpolation for Scalable Structured Gaussian Processes (KISS-GP)}},
booktitle = {International Conference on Machine Learning},
year = {2015}
}

@inproceedings{snelson2004warped,
author = {Snelson, Edward and Rasmussen, Carl E and Ghahramani, Zoubin},
title = {{Warped Gaussian processes}},
booktitle = {Neural Information Processing Systems},
year = {2004}
}

@inproceedings{lazaro2012bayesian,
author = {L{\'a}zaro-Gredilla, Miguel},
title = {{Bayesian warped Gaussian processes}},
booktitle = {Neural Information Processing Systems},
year = {2012}
}

@unpublished{mandt2015multicanonical,
author = {Mandt, Stephan and Mcinerney, James and Abrol, Farhan and Ranganath, Rajesh and Blei, David M},
title = {{Multicanonical Stochastic Variational Inference}},
year = {2015}
}

@article{burda2015importance,
author = {Burda, Yuri and Grosse, Roger and Salakhutdinov, Ruslan},
title = {{Importance Weighted Autoencoders}},
journal = {arXiv.org},
year = {2015},
eprint = {1509.00519v1},
eprinttype = {arxiv},
eprintclass = {cs.LG},
month = sep
}
@article{williams1992simple,
  title={Simple statistical gradient-following algorithms for connectionist reinforcement learning},
  author={Williams, Ronald J},
  journal={Machine learning},
  volume={8},
  number={3-4},
  pages={229--256},
  year={1992},
  publisher={Springer}
}
@inproceedings{mnih2014neural,
author = {Mnih, Andriy and Gregor, Karol},
title = {{Neural Variational Inference and Learning in Belief Networks}},
booktitle = {International Conference on Machine Learning},
year = {2014}
}

@inproceedings{kingma2014autoencoding,
author = {Kingma, Diederik P and Welling, Max},
title = {{Auto-Encoding Variational Bayes}},
booktitle = {International Conference on Learning Representations},
year = {2014},
pages = {1--14}
}

@inproceedings{ranganath2014black,
author = {Ranganath, Rajesh and Gerrish, Sean and Blei, David M},
title = {{Black Box Variational Inference}},
booktitle = {Artificial Intelligence and Statistics},
year = {2014}
}

@inproceedings{titsias2014doubly,
author = {Titsias, Michalis and L{\'a}zaro-Gredilla, Miguel},
title = {{Doubly Stochastic Variational Bayes for non-Conjugate Inference}},
booktitle = {International Conference on Machine Learning},
year = {2014}
}

@inproceedings{rezende2014stochastic,
author = {Rezende, Danilo Jimenez and Mohamed, Shakir and Wierstra, Daan},
title = {{Stochastic Backpropagation and Approximate Inference in Deep Generative Models}},
booktitle = {International Conference on Machine Learning},
year = {2014}
}

@article{han2015variational,
author = {Han, Shaobo and Liao, Xuejun and Dunson, David B and Carin, Lawrence},
title = {{Variational Gaussian Copula Inference}},
journal = {arXiv.org},
year = {2015},
eprint = {1506.05860v1},
eprinttype = {arxiv},
eprintclass = {stat.ML},
month = jun
}

@article{kingma2015variational,
author = {Kingma, Diederik P and Salimans, Tim and Welling, Max},
title = {{Variational Dropout and the Local Reparameterization Trick}},
journal = {arXiv.org},
year = {2015},
eprint = {1506.02557v1},
eprinttype = {arxiv},
eprintclass = {stat.ML},
month = jun
}

@inproceedings{kappen2001second,
author = {Kappen, Hilbert J and Wiegerinck, Wim},
title = {{Second order approximations for probability models}},
booktitle = {Neural Information Processing Systems},
year = {2001},
pages = {1--7}
}
@inproceedings{kingma2014semi,
author = {Kingma, Diederik P and Rezende, Danilo J and Mohamed, Shakir and Welling, Max},
title = {{Semi-supervised Learning with Deep Generative Models}},
booktitle = {Neural Information Processing Systems},
year = {2014}
}
@inproceedings{bornschein2014reweighted,
author = {Bornschein, J{\"o}rg and Bengio, Yoshua},
title = {{Reweighted Wake-Sleep}},
booktitle = {International Conference on Learning Representations},
year = {2015}
}
@inproceedings{gershman2012nonparametric,
author = {Gershman, Samuel J and Hoffman, Matthew D and Blei, David M},
title = {{Nonparametric Variational Inference}},
booktitle = {International Conference on Machine Learning},
year = {2012},
pages = {1--8}
}
@inproceedings{salimans2015markov,
author = {Salimans, Tim and Kingma, Diederik P and Welling, Max},
title = {{Markov Chain Monte Carlo and Variational Inference: Bridging the Gap}},
booktitle = {International Conference on Machine Learning},
year = {2015}
}
@article{salimans2013fixed,
author = {Salimans, Tim and Knowles, David A},
title = {{Fixed-Form Variational Posterior Approximation through Stochastic Linear Regression}},
journal = {Bayesian Analysis},
year = {2013},
volume = {8},
number = {4},
pages = {837--882}
}

@article{maclaurin2015early,
author = {Maclaurin, Dougal and Duvenaud, David and Adams, Ryan P},
title = {{Early Stopping is Nonparametric Variational Inference}},
journal = {arXiv.org},
year = {2015},
eprint = {1504.01344v1},
eprinttype = {arxiv},
eprintclass = {stat.ML},
month = apr
}

@article{challis2013gaussian,
author = {Challis, Edward and Barber, David},
title = {{Gaussian Kullback-Leibler approximate inference}},
journal = {The Journal of Machine Learning Research},
year = {2013},
volume = {14},
number = {1},
pages = {2239--2286},
month = jan
}
@inproceedings{gregor2014deep,
author = {Gregor, Karol and Danihelka, Ivo and Mnih, Andriy and Blundell, Charles and Wierstra, Daan},
title = {{Deep AutoRegressive Networks}},
booktitle = {International Conference on Machine Learning},
year = {2014}
}
@article{hinton1995wake,
  title={The" wake-sleep" algorithm for unsupervised neural networks},
  author={Hinton, Geoffrey E and Dayan, Peter and Frey, Brendan J and Neal, Radford M},
  journal={Science},
  volume={268},
  number={5214},
  pages={1158--1161},
  year={1995},
  publisher={American Association for the Advancement of Science}
}
@inproceedings{goodfellow2014generative,
author = {Goodfellow, I and Pouget-Abadie, J and Mirza, M and Xu, Bing and Warde-Farley, David and Ozair, Sherjil and Courville, Aaron and Bengio, Yoshua},
title = {{Generative adversarial nets}},
booktitle = {Neural Information Processing Systems},
year = {2014}
}

@inproceedings{damianou2013deep,
author = {Damianou, Andreas C and Lawrence, Neil D},
title = {{Deep Gaussian Processes}},
booktitle = {Artificial Intelligence and Statistics},
year = {2013}
}
@article{neal1992connectionist,
  title={Connectionist learning of belief networks},
  author={Neal, Radford M},
  journal={Artificial intelligence},
  volume={56},
  number={1},
  pages={71--113},
  year={1992},
  publisher={Elsevier}
}
@article{smolensky1986information,
  title={Information processing in dynamical systems: Foundations of harmony theory},
  author={Smolensky, Paul},
  year={1986},
  publisher={Department of Computer Science, University of Colorado, Boulder}
}

@inproceedings{stuhlmuller2013learning,
author = {Stuhlm{\"u}ller, Andreas and Taylor, Jacob and Goodman, Noah},
title = {{Learning Stochastic Inverses}},
booktitle = {Neural Information Processing Systems},
year = {2013},
pages = {3048--3056}
}

@inproceedings{gershman2014amortized,
author = {Gershman, Samuel J and Goodman, Noah},
title = {{Amortized inference in probabilistic reasoning}},
booktitle = {Annual Conference of the Cognitive Science Society},
year = {2014}
}
@inproceedings{bhatnagar2007incremental,
author = {Bhatnagar, S and Ghavamzadeh, M},
title = {{Incremental natural actor-critic algorithms}},
booktitle = {Neural Information Processing Systems},
year = {2007}
}
@inproceedings{titsias2013variational,
  title={Variational inference for mahalanobis distance metrics in Gaussian process regression},
  author={Titsias, Michalis and L{\'a}zaro-Gredilla, Miguel},
  booktitle={Advances in Neural Information Processing Systems},
  pages={279--287},
  year={2013}
}
@article{bourchardcote2015bouncy,
author = {Bouchard-C{\^o}t{\'e}, Alexandre and Vollmer, Sebastian J and Doucet, Arnaud},
title = {{The Bouncy Particle Sampler: A Non-Reversible Rejection-Free Markov Chain Monte Carlo Method}},
journal = {arXiv.org},
year = {2015},
eprint = {1510.02451},
eprinttype = {arxiv},
month = oct
}
@inproceedings{bachman2015data,
author = {Bachman, P and Precup, D},
title = {{Data generation as sequential decision making}},
booktitle = {Neural Information Processing Systems},
year = {2015}
}


@inproceedings{wingate2012automated,
author = {Wingate, David and Weber, Theophane},
title = {{Automated Variational Inference in Probabilistic Programming}},
booktitle = {NIPS Workshop},
year = {2012}
}

@article{wainwright2008graphical,
  title={Graphical models, exponential families, and variational inference},
  author={Wainwright, Martin J and Jordan, Michael I},
  journal={Foundations and Trends{\textregistered} in Machine Learning},
  volume={1},
  number={1-2},
  pages={1--305},
  year={2008},
  publisher={Now Publishers Inc.}
}

@article{ranganath2015hierarchical,
  author = {Rajesh Ranganath and Dustin Tran and David M Blei},
  title = {Hierarchical Variational Models},
  journal = {arXiv preprint},
  year = 2015,
}

@inproceedings{abeel2004apprenticeship,
author = {Abbeel, Pieter and Ng, Andrew Y},
title = {{Apprenticeship learning via inverse reinforcement learning}},
booktitle = {International Conference on Machine Learning},
year = {2004},
pages = {1},
publisher = {ACM},
address = {New York, New York, USA},
month = jul
}
@article{ratliff2007boosting,
  title={Boosting structured prediction for imitation learning},
  author={Ratliff, Nathan and Bradley, David and Bagnell, J Andrew and Chestnutt, Joel},
  journal={Robotics Institute},
  pages={54},
  year={2007}
}
@article{konda1999actor,
author = {Konda, V R and Tsitsiklis, J N},
title = {{Actor-Critic Algorithms}},
journal = {NIPS},
year = {1999}
}
@article{grondman2012survey,
author = {Grondman, I and Busoniu, L and Lopes, GAD},
title = {{A survey of actor-critic reinforcement learning: Standard and natural policy gradients}},
journal = {Systems},
year = {2012},
volume = {42},
number = {6},
pages = {1291--1307}
}
@inproceedings{mcinerney2014active,
author = {McInerney, James and Ranganath, Rajesh and Blei, David M},
title = {{Active Oracle Variational Inference}},
booktitle = {NIPS Workshop},
year = {2014}
}
@inproceedings{zhao2015stochastic,
author = {Zhang, Tong and Zhao, Peilin},
title = {{Stochastic Optimization with Importance Sampling for Regularized Loss Minimization}},
booktitle = {International Conference on Machine Learning},
year = {2015}
}
@inproceedings{csiba2015stochastic,
author = {Csiba, Dominik and Qu, Zheng and Richt{\'a}rik, Peter},
title = {{Stochastic Dual Coordinate Ascent with Adaptive Probabilities}},
booktitle = {International Conference on Machine Learning},
year = {2015}
}
@article{Tokdar:2007dp,
author = {Tokdar, Surya T and Ghosh, Jayanta K},
title = {{Posterior consistency of logistic Gaussian process priors in density estimation}},
journal = {Journal of Statistical Planning and Inference},
year = {2007},
volume = {137},
number = {1},
pages = {34--42},
}
@article{van2009adaptive,
author = {van der Vaart, A W and van Zanten, J H},
title = {{Adaptive Bayesian estimation using a Gaussian random field with inverse Gamma bandwidth}},
journal = {The Annals of Statistics},
year = {2009},
volume = {37},
number = {5B},
pages = {2655--2675},
}
@article{hall2011asymptotic,
author = {Hall, Peter and Pham, Tung and Wand, M P and Wang, S S J},
title = {{Asymptotic normality and valid inference for Gaussian variational approximation}},
journal = {The Annals of Statistics},
year = {2011},
volume = {39},
number = {5},
pages = {2502--2532},
}
@article{schaal1999imitation,
author = {Schaal, Stefan},
title = {{Is imitation learning the route to humanoid robots?}},
journal = {Trends in cognitive sciences},
year = {1999},
volume = {3},
number = {6},
pages = {233--242}
}
@inproceedings{maclaurin2015gradient,
author = {Maclaurin, Dougal and Duvenaud, David and Adams, Ryan P},
title = {{Gradient-based Hyperparameter Optimization through Reversible Learning}},
booktitle = {International Conference on Machine Learning},
year = {2015}
}
@article{mandt2014multicanonical,
author = {Mandt, Stephan and Mcinerney, James and Abrol, Farhan and Ranganath, Rajesh and Blei, David M},
title = {{Multicanonical Stochastic Variational Inference}},
journal = {arXiv preprint arXiv:1411.1810},
year = {2014},
}
@article{masse2015speed,
author = {Mass{\'e}, Pierre-Yves and Ollivier, Yann},
title = {Speed learning on the fly},
journal = {arXiv preprint arXiv:1511.02540},
year = {2015},
}
@article{alain2015variance,
author = {Alain, Guillaume and Lamb, Alex and Sankar, Chinnadhurai and Courville, Aaron and Bengio, Yoshua},
title = {Variance Reduction in SGD by Distributed Importance Sampling},
journal = {arXiv preprint arXiv:1511.06481},
year = {2015},
}
@article{blei2006variational,
author = {Blei, David M and Jordan, Michael I},
title = {{Variational inference for Dirichlet process mixtures}},
journal = {Bayesian Analysis},
year = {2006},
volume = {1},
number = {1},
pages = {121--143},
}
@inproceedings{wang2012truncation,
author = {Wang, Chong and Blei, David M},
title = {{Truncation-free Stochastic Variational Inference for Bayesian Nonparametric Models}},
booktitle = {Neural Information Processing Systems},
year = {2012}
}
@inproceedings{kurihara2006accelerated,
author = {Kurihara, Kenichi and Welling, Max and Vlassis, Nikos},
title = {{Accelerated variational Dirichlet process mixtures}},
booktitle = {Neural Information Processing Systems},
year = {2006}
}
@article{broderick2014posteriors,
author = {Broderick, Tamara and Wilson, Ashia C and Jordan, Michael I},
title = {{Posteriors, conjugacy, and exponential families for completely random measures}},
journal = {arXiv preprint arXiv:1410.6843},
year = {2014},
}
@inproceedings{mcinerney2015population,
author = {Mcinerney, James and Ranganath, Rajesh and Blei, David M},
title = {{The Population Posterior and Bayesian Inference on Streams}},
booktitle = {Neural Information Processing Systems},
year = {2015}
}
@article{li2016variational,
author = {Li, Yingzhen and Turner, Richard E},
title = {{Variational Inference with R{\'e}nyi Divergence}},
journal = {arXiv preprint arXiv:1602.02311},
year = {2016},
}
@article{im2015denoising,
author = {Im, Daniel Jiwoong and Ahn, Sungjin and Memisevic, Roland and Bengio, Yoshua},
title = {{Denoising Criterion for Variational Auto-Encoding Framework}},
journal = {arXiv.org},
year = {2015},
eprint = {1511.06406v1},
eprinttype = {arxiv},
eprintclass = {cs.LG},
month = nov
}
@book{owen2013monte,
   author = {Art B. Owen},
   year = 2013,
   title = {Monte Carlo theory, methods and examples}
}

@article{hernandezlobato2015black,
author = {Hern{\'a}ndez-Lobato, Jos{\'e} Miguel and Li, Yingzhen and Hern{\'a}ndez-Lobato, Daniel and Bui, Thang and Turner, Richard E},
title = {{Black-box $\alpha$-divergence Minimization }},
journal = {arXiv.org},
year = {2015},
pages = {1--5},
month = nov
}
@article{cichocki2011generalized,
  title={Generalized alpha-beta divergences and their application to robust nonnegative matrix factorization},
  author={Cichocki, Andrzej and Cruces, Sergio and Amari, Shun-ichi},
  journal={Entropy},
  volume={13},
  number={1},
  pages={134--170},
  year={2011},
  publisher={Molecular Diversity Preservation International}
}
@article{cook2006validation,
author = {Cook, Samantha R and Gelman, Andrew and Rubin, Donald B},
title = {Validation of Software for {B}ayesian Models Using Posterior Quantiles},
journal = {Journal of Computational and Graphical Statistics},
year = {2006},
volume = {15},
number = {3},
pages = {675--692},
month = sep
}
@article{gelman1996posterior,
  title={Posterior predictive assessment of model fitness via realized discrepancies},
  author={Gelman, Andrew and Meng, Xiao-Li and Stern, Hal},
  journal={Statistica sinica},
  volume={6},
  number={4},
  pages={733--760},
  year={1996}
}
@book{csiszar2004information,
  title={Information theory and statistics: A tutorial},
  author={Csisz{\'a}r, Imre and Shields, Paul C},
  year={2004},
  publisher={Now Publishers Inc}
}
@article{grosse2015sandwiching,
author = {Grosse, Roger B and Ghahramani, Zoubin and Adams, Ryan P},
title = {{Sandwiching the marginal likelihood using bidirectional Monte Carlo}},
journal = {arXiv.org},
year = {2015},
eprint = {1511.02543v1},
eprinttype = {arxiv},
eprintclass = {stat.ML},
month = nov
}

@article{wainwright2005new,
  title={A new class of upper bounds on the log partition function},
  author={Wainwright, Martin J and Jaakkola, Tommi S and Willsky, Alan S},
  journal={Information Theory, IEEE Transactions on},
  volume={51},
  number={7},
  pages={2313--2335},
  year={2005},
  publisher={IEEE}
}
@inproceedings{gu2015neural,
author = {Gu, Shixiang and Ghahramani, Zoubin and Turner, Richard E},
title = {{Neural Adaptive Sequential Monte Carlo}},
booktitle = {Neural Information Processing Systems},
year = {2015}
}
@article{hoffman2013stochastic,
  author = {Hoffman, Matthew D. and Blei, David M. and Wang, Chong and Paisley, John},
  journal = {Journal of Machine Learning Research},
  pages = {1303-1347},
  title = {Stochastic variational inference},
  volume = 14,
  year = 2013
}
@article{mcalinn2016dynamic,
author = {McAlinn, Kenichiro and West, Mike},
title = {{Dynamic Bayesian Predictive Synthesis in Time Series Forecasting}},
journal = {arXiv.org},
year = {2016},
eprint = {1601.07463v3},
}
@article{kamary2014testing,
author = {Kamary, Kaniav and Mengersen, Kerrie and Robert, Christian P and Rousseau, Judith},
title = {{Testing hypotheses via a mixture estimation model}},
journal = {arXiv.org},
year = {2014},
eprint = {1412.2044v2},
eprinttype = {arxiv},
eprintclass = {stat.ME},
month = dec
}
@article{nielsen2014on,
author = {Nielsen, Frank and Nock, Richard},
title = {{On the chi square and higher-order chi distances for approximating f-divergences}},
journal = {IEEE Signal Processing Letters},
year = {2014},
volume = {21},
number = {1},
pages = {10--13}
}
